@misc{dryad_tabletennis2021,
  author       = {Sakurai, Shinji and Yoshida, Kotaro and Tamura, Yoshitaka and Hoshino, Yuichi},
  title        = {Table tennis forehand swing motion dataset collected with racket-mounted sensors},
  year         = {2021},
  publisher    = {Dryad},
  doi          = {10.5061/dryad.0zpc8677f},
  url          = {https://datadryad.org/stash/dataset/doi:10.5061/dryad.0zpc8677f},
  note         = {Accessed May 2025}
}
